
@article{ggplot2,
	title = {ggplot2: Elegant Graphics for Data Analysis},
	author = {Wickham, Hadley},
	year = {2016},
	date = {2016},
	url = {https://ggplot2.tidyverse.org}
}

@book{boehmke2016data,
  title={Data wrangling with R},
  author={Boehmke, Bradley C},
  year={2016},
  publisher={Springer}
}

@book{irizarry2019introduction,
  title={Introduction to data science: Data analysis and prediction algorithms with R},
  author={Irizarry, Rafael A},
  year={2019},
  publisher={Chapman and Hall/CRC}
}

@book{ZamoraSaiz2020,
author="Zamora Saiz, Alfonso
and Quesada Gonz{\'a}lez, Carlos
and Hurtado Gil, Llu{\'i}s
and Mond{\'e}jar Ruiz, Diego",
title="An Introduction to Data Analysis in R: Hands-on Coding, Data Mining, Visualization and Statistics from Scratch",
year="2020",
publisher="Springer International Publishing",
%address="Cham",
%pages="1--8",
%isbn="978-3-030-48997-7",
%doi="10.1007/978-3-030-48997-7_1",
%url="https://doi.org/10.1007/978-3-030-48997-7_1"
}

@book{wickham2017r,
  title={R for data science},
  author={Wickham, Hadley and Grolemund, Garrett and others},
  volume={2},
  year={2017},
  publisher={O'Reilly Sebastopol, CA}
}

@book{wickham2019advanced,
  title={Advanced r},
  author={Wickham, Hadley},
  year={2019},
  publisher={chapman and hall/CRC}
}
